<record><leader>00000cas a22000007a 4500</leader><controlfield tag="001">12618958</controlfield><controlfield tag="008">850930d18471855wiuwr ne      0    0eng d</controlfield><datafield ind1=" " ind2=" " tag="010"><subfield code="a">sn 85041323 </subfield></datafield><datafield ind1=" " ind2=" " tag="040"><subfield code="a">NPV</subfield><subfield code="b">eng</subfield><subfield code="c">NPV</subfield><subfield code="d">OCLCQ</subfield></datafield><datafield ind1=" " ind2=" " tag="042"><subfield code="a">msc</subfield></datafield><datafield ind1=" " ind2=" " tag="045"><subfield code="a">w4w5</subfield></datafield><datafield ind1=" " ind2=" " tag="052"><subfield code="a">4123</subfield><subfield code="b">G6</subfield></datafield><datafield ind1="0" ind2="0" tag="245"><subfield code="a">Potosi republican.</subfield></datafield><datafield ind1=" " ind2=" " tag="260"><subfield code="a">Potosi, Wisconsin Territory [i.e. Wis.] :</subfield><subfield code="b">J.W. Barnfield &amp; Co.,</subfield><subfield code="c">-1855.</subfield></datafield><datafield ind1=" " ind2=" " tag="300"><subfield code="a">v.</subfield></datafield><datafield ind1=" " ind2=" " tag="310"><subfield code="a">Weekly</subfield></datafield><datafield ind1="0" ind2=" " tag="362"><subfield code="a">-v. 9, no. 12 (Aug. 14, 1855).</subfield></datafield><datafield ind1="1" ind2=" " tag="362"><subfield code="a">Began with May 27, 1847 issue.</subfield><subfield code="z">Cf. Hansen, J. Wis. newspapers, 1833-1850.</subfield></datafield><datafield ind1=" " ind2=" " tag="500"><subfield code="a">Publisher varies.</subfield></datafield><datafield ind1=" " ind2=" " tag="500"><subfield code="a">Editors: L.B. Leach, &lt;Dec. 9, 1847&gt;-Aug. 24, 1848; J.W. Seaton, Nov. 30-&lt;Dec. 28, 1848&gt;.</subfield></datafield><datafield ind1=" " ind2=" " tag="530"><subfield code="a">Available on microfilm from The State Historical Society of Wisconsin.</subfield></datafield><datafield ind1=" " ind2=" " tag="588"><subfield code="a">Description based on: Vol. 1, no. 15 (Sept. 2. 1847).</subfield></datafield><datafield ind1=" " ind2=" " tag="752"><subfield code="a">United States</subfield><subfield code="b">Wisconsin</subfield><subfield code="c">Grant</subfield><subfield code="d">Potosi.</subfield></datafield><datafield ind1="1" ind2=" " tag="029"><subfield code="a">AU@</subfield><subfield code="b">000023481857</subfield></datafield></record>